
<marc:record><marc:leader>00919nam a2200301Ia 45e0</marc:leader>
<marc:controlfield tag="001">100031102</marc:controlfield>
<marc:controlfield tag="008">210811s9999    xx            000 0 und d</marc:controlfield><marc:datafield tag="031" ind1=" " ind2=" "><marc:subfield code="a">1</marc:subfield><marc:subfield code="b">1</marc:subfield><marc:subfield code="c">1</marc:subfield><marc:subfield code="m">S</marc:subfield><marc:subfield code="r">E</marc:subfield><marc:subfield code="n">xFCGD</marc:subfield><marc:subfield code="o">3/4</marc:subfield><marc:subfield code="g">C-1</marc:subfield><marc:subfield code="q">without text</marc:subfield></marc:datafield><marc:datafield tag="100" ind1=" " ind2=" "><marc:subfield code="a">Pagueras Portavella, Bruno</marc:subfield></marc:datafield><marc:datafield tag="240" ind1=" " ind2=" "><marc:subfield code="a">Responsories</marc:subfield><marc:subfield code="r">E|b</marc:subfield></marc:datafield><marc:datafield tag="240" ind1=" " ind2=" "><marc:subfield code="m">V (4), orch, b</marc:subfield></marc:datafield><marc:datafield tag="245" ind1=" " ind2="0"><marc:subfield code="a">[caption title:] Resp|o al S|mo S|to | con tutti Ynstrumenti | Largo</marc:subfield></marc:datafield><marc:datafield tag="260" ind1=" " ind2=" "><marc:subfield code="c">1777</marc:subfield></marc:datafield><marc:datafield tag="300" ind1=" " ind2=" "><marc:subfield code="a">1 score</marc:subfield></marc:datafield><marc:datafield tag="500" ind1=" " ind2=" "><marc:subfield code="a">The score does not include the lyric part The score finishes with the indication: &quot;Verso al otro Borrador&quot;</marc:subfield></marc:datafield><marc:datafield tag="593" ind1=" " ind2=" "><marc:subfield code="a">Autograph manuscript</marc:subfield></marc:datafield><marc:datafield tag="594" ind1=" " ind2=" "><marc:subfield code="b">S</marc:subfield><marc:subfield code="c">1</marc:subfield></marc:datafield><marc:datafield tag="594" ind1=" " ind2=" "><marc:subfield code="b">A</marc:subfield><marc:subfield code="c">1</marc:subfield></marc:datafield><marc:datafield tag="594" ind1=" " ind2=" "><marc:subfield code="b">T</marc:subfield><marc:subfield code="c">1</marc:subfield></marc:datafield><marc:datafield tag="594" ind1=" " ind2=" "><marc:subfield code="b">B</marc:subfield><marc:subfield code="c">1</marc:subfield></marc:datafield><marc:datafield tag="594" ind1=" " ind2=" "><marc:subfield code="b">vl</marc:subfield><marc:subfield code="c">2</marc:subfield></marc:datafield><marc:datafield tag="594" ind1=" " ind2=" "><marc:subfield code="b">ob</marc:subfield><marc:subfield code="c">2</marc:subfield></marc:datafield><marc:datafield tag="594" ind1=" " ind2=" "><marc:subfield code="b">cor</marc:subfield><marc:subfield code="c">2</marc:subfield></marc:datafield><marc:datafield tag="594" ind1=" " ind2=" "><marc:subfield code="b">b</marc:subfield><marc:subfield code="c">1</marc:subfield></marc:datafield><marc:datafield tag="650" ind1=" " ind2=" "><marc:subfield code="a">Responsories</marc:subfield></marc:datafield><marc:datafield tag="773" ind1=" " ind2=" "><marc:subfield code="w">100031623</marc:subfield></marc:datafield><marc:datafield tag="852" ind1=" " ind2=" "><marc:subfield code="a">E-SUe</marc:subfield><marc:subfield code="c">UI.1657.006.2</marc:subfield><marc:subfield code="d">ACU. Fons Catedral. Capsa 0</marc:subfield></marc:datafield><marc:datafield tag="999" ind1=" " ind2=" "><marc:subfield code="a">Individual entry in a music manuscript collection</marc:subfield></marc:datafield></marc:record>