
<marc:record><marc:leader>00544nam a2200157Ia 45e0</marc:leader>
<marc:controlfield tag="001">100031628</marc:controlfield>
<marc:controlfield tag="008">210811s9999    xx            000 0 und d</marc:controlfield><marc:datafield tag="100" ind1=" " ind2=" "><marc:subfield code="a">Pagueras Portavella, Bruno</marc:subfield></marc:datafield><marc:datafield tag="240" ind1=" " ind2=" "><marc:subfield code="a">2 Villancicos</marc:subfield></marc:datafield><marc:datafield tag="245" ind1=" " ind2="0"><marc:subfield code="a">[cover title, f. 1r:] N. 30 Villancico [in the upper right margin:] 1780. [in the middle of the page:] Ex Bruno Pagueras | Magistro</marc:subfield></marc:datafield><marc:datafield tag="260" ind1=" " ind2=" "><marc:subfield code="c">1780</marc:subfield></marc:datafield><marc:datafield tag="650" ind1=" " ind2=" "><marc:subfield code="a">Villancicos</marc:subfield></marc:datafield><marc:datafield tag="774" ind1=" " ind2=" "><marc:subfield code="w">100031116</marc:subfield></marc:datafield><marc:datafield tag="774" ind1=" " ind2=" "><marc:subfield code="w">100031115</marc:subfield></marc:datafield><marc:datafield tag="852" ind1=" " ind2=" "><marc:subfield code="a">E-SUe</marc:subfield><marc:subfield code="c">UI.1657.011</marc:subfield><marc:subfield code="d">ACU. Fons Catedral. Capsa 0</marc:subfield></marc:datafield><marc:datafield tag="999" ind1=" " ind2=" "><marc:subfield code="a">Collection record for a music manuscript</marc:subfield></marc:datafield></marc:record>