
<marc:record><marc:leader>00781nam a2200193Ia 45e0</marc:leader>
<marc:controlfield tag="001">100031644</marc:controlfield>
<marc:controlfield tag="008">210811s9999    xx            000 0 und d</marc:controlfield><marc:datafield tag="100" ind1=" " ind2=" "><marc:subfield code="a">Pagueras Portavella, Bruno</marc:subfield></marc:datafield><marc:datafield tag="240" ind1=" " ind2=" "><marc:subfield code="a">5 Responsories</marc:subfield></marc:datafield><marc:datafield tag="245" ind1=" " ind2="0"><marc:subfield code="a">[cover title, f. 1r:] N. 28 [in the upper right margin:] 1790 y 92 |   [in the middle of the page:] Primero Borrador | de Responsorio para | Navidad | Pagueras Pbrõ | [on a label with different calligraphy:] 4. Borradores de Responsorios | para Navidad | con una Alma Redemptori | Mater</marc:subfield></marc:datafield><marc:datafield tag="260" ind1=" " ind2=" "><marc:subfield code="c">1790</marc:subfield></marc:datafield><marc:datafield tag="650" ind1=" " ind2=" "><marc:subfield code="a">Responsories</marc:subfield></marc:datafield><marc:datafield tag="774" ind1=" " ind2=" "><marc:subfield code="w">100031174</marc:subfield></marc:datafield><marc:datafield tag="774" ind1=" " ind2=" "><marc:subfield code="w">100031175</marc:subfield></marc:datafield><marc:datafield tag="774" ind1=" " ind2=" "><marc:subfield code="w">100031173</marc:subfield></marc:datafield><marc:datafield tag="774" ind1=" " ind2=" "><marc:subfield code="w">100031183</marc:subfield></marc:datafield><marc:datafield tag="774" ind1=" " ind2=" "><marc:subfield code="w">100031184</marc:subfield></marc:datafield><marc:datafield tag="852" ind1=" " ind2=" "><marc:subfield code="a">E-SUe</marc:subfield><marc:subfield code="c">UI.1659.034</marc:subfield><marc:subfield code="d">ACU. Fons Catedral. Capsa 2</marc:subfield></marc:datafield><marc:datafield tag="999" ind1=" " ind2=" "><marc:subfield code="a">Collection record for a music manuscript</marc:subfield></marc:datafield></marc:record>