
<marc:record><marc:leader>00677nam a2200181Ia 45e0</marc:leader>
<marc:controlfield tag="001">100031652</marc:controlfield>
<marc:controlfield tag="008">210811s9999    xx            000 0 und d</marc:controlfield><marc:datafield tag="100" ind1=" " ind2=" "><marc:subfield code="a">Pagueras Portavella, Bruno</marc:subfield></marc:datafield><marc:datafield tag="240" ind1=" " ind2=" "><marc:subfield code="a">4 Sacred songs</marc:subfield></marc:datafield><marc:datafield tag="245" ind1=" " ind2="0"><marc:subfield code="a">[cover title, f. 1r:] N. 33 [in the upper right margin:] [1802]  [in the middle of the page:] Psalmos ã dos Coros | y un Motete ã S|n Odon. | Magnificat 8|vs tono Barrado | con instrumentos. | Pagueras</marc:subfield></marc:datafield><marc:datafield tag="260" ind1=" " ind2=" "><marc:subfield code="c">1770-1836</marc:subfield></marc:datafield><marc:datafield tag="650" ind1=" " ind2=" "><marc:subfield code="a">Sacred songs</marc:subfield></marc:datafield><marc:datafield tag="774" ind1=" " ind2=" "><marc:subfield code="w">100031250</marc:subfield></marc:datafield><marc:datafield tag="774" ind1=" " ind2=" "><marc:subfield code="w">100031247</marc:subfield></marc:datafield><marc:datafield tag="774" ind1=" " ind2=" "><marc:subfield code="w">100031251</marc:subfield></marc:datafield><marc:datafield tag="774" ind1=" " ind2=" "><marc:subfield code="w">100031258</marc:subfield></marc:datafield><marc:datafield tag="852" ind1=" " ind2=" "><marc:subfield code="a">E-SUe</marc:subfield><marc:subfield code="c">UI.1659.044</marc:subfield><marc:subfield code="d">ACU. Fons Catedral. Capsa 2</marc:subfield></marc:datafield><marc:datafield tag="999" ind1=" " ind2=" "><marc:subfield code="a">Collection record for a music manuscript</marc:subfield></marc:datafield></marc:record>