
<marc:record><marc:leader>01063nam a2200181Ia 45e0</marc:leader>
<marc:controlfield tag="001">100031654</marc:controlfield>
<marc:controlfield tag="008">210811s9999    xx            000 0 und d</marc:controlfield><marc:datafield tag="100" ind1=" " ind2=" "><marc:subfield code="a">Pagueras Portavella, Bruno</marc:subfield></marc:datafield><marc:datafield tag="240" ind1=" " ind2=" "><marc:subfield code="a">4 Sacred songs</marc:subfield></marc:datafield><marc:datafield tag="245" ind1=" " ind2="0"><marc:subfield code="a">[cover title, f. 1r:] N. 35 Villancico [in the upper right margin:] 1802 | [in the middle of the page:] Borrador por un Villan|co | al SS|mo Sacramento y | Credo, S|tus y Agnus de | la Missa ã 3 voces | sin Baxo con instrumen|s. | Paguéras Pbrõs [on a label with different calligraphy:] Dos Borradores por dos Villancicos | al SS|mo Sacramento; el uno con | unos quiries, y Gloria de una misa | á 3 voces sin Baxo; y el otro con un | Credo, San[c]tus, y Agnus de la misa | á 3 voces sin Baxo, con instrumentos. | dos Borradores de Bisperas y Paslmos | de Bisperas, Letatus sum a 3 voces</marc:subfield></marc:datafield><marc:datafield tag="260" ind1=" " ind2=" "><marc:subfield code="c">1802</marc:subfield></marc:datafield><marc:datafield tag="650" ind1=" " ind2=" "><marc:subfield code="a">Sacred songs</marc:subfield></marc:datafield><marc:datafield tag="774" ind1=" " ind2=" "><marc:subfield code="w">100031605</marc:subfield></marc:datafield><marc:datafield tag="774" ind1=" " ind2=" "><marc:subfield code="w">100031364</marc:subfield></marc:datafield><marc:datafield tag="774" ind1=" " ind2=" "><marc:subfield code="w">100031400</marc:subfield></marc:datafield><marc:datafield tag="774" ind1=" " ind2=" "><marc:subfield code="w">100031405</marc:subfield></marc:datafield><marc:datafield tag="852" ind1=" " ind2=" "><marc:subfield code="a">E-SUe</marc:subfield><marc:subfield code="c">UI.1659.046</marc:subfield><marc:subfield code="d">ACU. Fons Catedral. Capsa 2</marc:subfield></marc:datafield><marc:datafield tag="999" ind1=" " ind2=" "><marc:subfield code="a">Collection record for a music manuscript</marc:subfield></marc:datafield></marc:record>