
<marc:record><marc:leader>01262nam a2200313Ia 45e0</marc:leader>
<marc:controlfield tag="001">100031054</marc:controlfield>
<marc:controlfield tag="008">210811s9999    xx            000 0 und d</marc:controlfield><marc:datafield tag="031" ind1=" " ind2=" "><marc:subfield code="a">1</marc:subfield><marc:subfield code="b">1</marc:subfield><marc:subfield code="c">1</marc:subfield><marc:subfield code="m">S</marc:subfield><marc:subfield code="t">Kyrie eleison</marc:subfield><marc:subfield code="r">C</marc:subfield><marc:subfield code="o">c</marc:subfield><marc:subfield code="g">C-1</marc:subfield></marc:datafield><marc:datafield tag="041" ind1=" " ind2=" "><marc:subfield code="a">lat</marc:subfield></marc:datafield><marc:datafield tag="100" ind1=" " ind2=" "><marc:subfield code="a">Anonymus</marc:subfield></marc:datafield><marc:datafield tag="240" ind1=" " ind2=" "><marc:subfield code="a">Masses</marc:subfield><marc:subfield code="r">F</marc:subfield></marc:datafield><marc:datafield tag="240" ind1=" " ind2=" "><marc:subfield code="m">V (4), orch, b</marc:subfield></marc:datafield><marc:datafield tag="245" ind1=" " ind2="0"><marc:subfield code="a">[caption title, f. 1v:] In Nomine Dei | Amen | Kiries y Gloria | escursats de la | present Missa | Vexilla Regis prudentis | Largo</marc:subfield></marc:datafield><marc:datafield tag="260" ind1=" " ind2=" "><marc:subfield code="c">1750-1799</marc:subfield></marc:datafield><marc:datafield tag="300" ind1=" " ind2=" "><marc:subfield code="a">1 score</marc:subfield></marc:datafield><marc:datafield tag="500" ind1=" " ind2=" "><marc:subfield code="a">The handwriting corresponds to that of Bruno Pagueras. Musical parts: [1] Kirie Largo 3b C[2] Gloria Allegro 3b C [3] Laudamus al borrador [4] Gratias Allegro 2# C [5] Domine Deus al borrador [6] Qui tollis Andante 1# 6/8 [7] Qui sedes al borrador [8] Quoniam tu solus Sanctus a 4 2b Andante C [9] Credo al Borrador [10] Et vitam Largo 3b 3/4 [11] Sanctus i Agnus al borrador. [Diferent a la missa de la camisa 31]</marc:subfield></marc:datafield><marc:datafield tag="593" ind1=" " ind2=" "><marc:subfield code="a">Manuscript copy</marc:subfield></marc:datafield><marc:datafield tag="594" ind1=" " ind2=" "><marc:subfield code="b">S</marc:subfield><marc:subfield code="c">1</marc:subfield></marc:datafield><marc:datafield tag="594" ind1=" " ind2=" "><marc:subfield code="b">A</marc:subfield><marc:subfield code="c">1</marc:subfield></marc:datafield><marc:datafield tag="594" ind1=" " ind2=" "><marc:subfield code="b">T</marc:subfield><marc:subfield code="c">1</marc:subfield></marc:datafield><marc:datafield tag="594" ind1=" " ind2=" "><marc:subfield code="b">B</marc:subfield><marc:subfield code="c">1</marc:subfield></marc:datafield><marc:datafield tag="594" ind1=" " ind2=" "><marc:subfield code="b">vl</marc:subfield><marc:subfield code="c">2</marc:subfield></marc:datafield><marc:datafield tag="594" ind1=" " ind2=" "><marc:subfield code="b">ob</marc:subfield><marc:subfield code="c">2</marc:subfield></marc:datafield><marc:datafield tag="594" ind1=" " ind2=" "><marc:subfield code="b">cor</marc:subfield><marc:subfield code="c">2</marc:subfield></marc:datafield><marc:datafield tag="594" ind1=" " ind2=" "><marc:subfield code="b">b</marc:subfield><marc:subfield code="c">1</marc:subfield></marc:datafield><marc:datafield tag="650" ind1=" " ind2=" "><marc:subfield code="a">Masses</marc:subfield></marc:datafield><marc:datafield tag="700" ind1=" " ind2=" "><marc:subfield code="a">Pagueras, Bruno</marc:subfield><marc:subfield code="j">Doubtful</marc:subfield><marc:subfield code="4">scr</marc:subfield></marc:datafield><marc:datafield tag="852" ind1=" " ind2=" "><marc:subfield code="a">E-SUe</marc:subfield><marc:subfield code="c">UI.1660.060</marc:subfield><marc:subfield code="d">ACU. Fons Catedral. Capsa 3</marc:subfield></marc:datafield><marc:datafield tag="999" ind1=" " ind2=" "><marc:subfield code="a">Single music manuscript</marc:subfield></marc:datafield></marc:record>