
<marc:record><marc:leader>00478nam a2200157Ia 45e0</marc:leader>
<marc:controlfield tag="001">100031661</marc:controlfield>
<marc:controlfield tag="008">210811s9999    xx            000 0 und d</marc:controlfield><marc:datafield tag="240" ind1=" " ind2=" "><marc:subfield code="a">Masses</marc:subfield></marc:datafield><marc:datafield tag="245" ind1=" " ind2="0"><marc:subfield code="a">[cover title, f. 1r in the middle of the page:] Tiple Primero: Misa a Duo y a 3. | Baguer</marc:subfield></marc:datafield><marc:datafield tag="260" ind1=" " ind2=" "><marc:subfield code="c">1750-1799</marc:subfield></marc:datafield><marc:datafield tag="650" ind1=" " ind2=" "><marc:subfield code="a">Masses</marc:subfield></marc:datafield><marc:datafield tag="774" ind1=" " ind2=" "><marc:subfield code="w">100031208</marc:subfield></marc:datafield><marc:datafield tag="774" ind1=" " ind2=" "><marc:subfield code="w">100031227</marc:subfield></marc:datafield><marc:datafield tag="774" ind1=" " ind2=" "><marc:subfield code="w">100031234</marc:subfield></marc:datafield><marc:datafield tag="852" ind1=" " ind2=" "><marc:subfield code="a">E-SUe</marc:subfield><marc:subfield code="c">UI.1660.078</marc:subfield><marc:subfield code="d">ACU. Fons Catedral. Capsa 3</marc:subfield></marc:datafield><marc:datafield tag="999" ind1=" " ind2=" "><marc:subfield code="a">Collection record for a music manuscript</marc:subfield></marc:datafield></marc:record>