
<marc:record><marc:leader>00885nam a2200301Ia 45e0</marc:leader>
<marc:controlfield tag="001">100031553</marc:controlfield>
<marc:controlfield tag="008">210811s9999    xx            000 0 und d</marc:controlfield><marc:datafield tag="031" ind1=" " ind2=" "><marc:subfield code="a">1</marc:subfield><marc:subfield code="b">1</marc:subfield><marc:subfield code="c">1</marc:subfield><marc:subfield code="m">S</marc:subfield><marc:subfield code="t">Domine ad adjuvandum me festina</marc:subfield><marc:subfield code="o">3/4</marc:subfield><marc:subfield code="g">C-1</marc:subfield></marc:datafield><marc:datafield tag="041" ind1=" " ind2=" "><marc:subfield code="a">lat</marc:subfield></marc:datafield><marc:datafield tag="100" ind1=" " ind2=" "><marc:subfield code="a">Anonymus</marc:subfield></marc:datafield><marc:datafield tag="240" ind1=" " ind2=" "><marc:subfield code="a">Domine ad adjuvandum</marc:subfield></marc:datafield><marc:datafield tag="240" ind1=" " ind2=" "><marc:subfield code="m">V (2), Coro, b</marc:subfield></marc:datafield><marc:datafield tag="245" ind1=" " ind2="0"><marc:subfield code="a">[cover title, f. 1r. B part:] JHS Domine | ad adjuvandum me festina | a 6 Voces | A. M. G. D. et G. V. M. D</marc:subfield></marc:datafield><marc:datafield tag="260" ind1=" " ind2=" "><marc:subfield code="c">1750-1799</marc:subfield></marc:datafield><marc:datafield tag="300" ind1=" " ind2=" "><marc:subfield code="a">8 parts</marc:subfield></marc:datafield><marc:datafield tag="590" ind1=" " ind2=" "><marc:subfield code="a">S 1, 2, Coro: S, A, T, B, acc (2x)</marc:subfield></marc:datafield><marc:datafield tag="590" ind1=" " ind2=" "><marc:subfield code="b">2, 1, 1, 1, 1, 1, 1, 1 p.</marc:subfield></marc:datafield><marc:datafield tag="593" ind1=" " ind2=" "><marc:subfield code="a">Manuscript copy</marc:subfield></marc:datafield><marc:datafield tag="594" ind1=" " ind2=" "><marc:subfield code="b">S</marc:subfield><marc:subfield code="c">2</marc:subfield></marc:datafield><marc:datafield tag="594" ind1=" " ind2=" "><marc:subfield code="b">Coro S</marc:subfield><marc:subfield code="c">1</marc:subfield></marc:datafield><marc:datafield tag="594" ind1=" " ind2=" "><marc:subfield code="b">Coro A</marc:subfield><marc:subfield code="c">1</marc:subfield></marc:datafield><marc:datafield tag="594" ind1=" " ind2=" "><marc:subfield code="b">Coro T</marc:subfield><marc:subfield code="c">1</marc:subfield></marc:datafield><marc:datafield tag="594" ind1=" " ind2=" "><marc:subfield code="b">Coro B</marc:subfield><marc:subfield code="c">1</marc:subfield></marc:datafield><marc:datafield tag="594" ind1=" " ind2=" "><marc:subfield code="b">b</marc:subfield><marc:subfield code="c">1</marc:subfield></marc:datafield><marc:datafield tag="650" ind1=" " ind2=" "><marc:subfield code="a">Psalms</marc:subfield></marc:datafield><marc:datafield tag="650" ind1=" " ind2=" "><marc:subfield code="a">Sacred songs</marc:subfield></marc:datafield><marc:datafield tag="852" ind1=" " ind2=" "><marc:subfield code="a">E-SUe</marc:subfield><marc:subfield code="c">UI.1661.110</marc:subfield><marc:subfield code="d">ACU. Fons Catedral. Capsa 4</marc:subfield></marc:datafield><marc:datafield tag="999" ind1=" " ind2=" "><marc:subfield code="a">Single music manuscript</marc:subfield></marc:datafield></marc:record>