
<marc:record><marc:leader>00678nam a2200241Ia 45e0</marc:leader>
<marc:controlfield tag="001">100031093</marc:controlfield>
<marc:controlfield tag="008">210811s9999    xx            000 0 und d</marc:controlfield><marc:datafield tag="031" ind1=" " ind2=" "><marc:subfield code="a">1</marc:subfield><marc:subfield code="b">1</marc:subfield><marc:subfield code="c">1</marc:subfield><marc:subfield code="m">vl 2</marc:subfield><marc:subfield code="r">D</marc:subfield><marc:subfield code="n">xFC</marc:subfield><marc:subfield code="o">3/8</marc:subfield><marc:subfield code="g">G-2</marc:subfield></marc:datafield><marc:datafield tag="100" ind1=" " ind2=" "><marc:subfield code="a">Anonymus</marc:subfield></marc:datafield><marc:datafield tag="240" ind1=" " ind2=" "><marc:subfield code="a">Waltzes</marc:subfield><marc:subfield code="r">F</marc:subfield></marc:datafield><marc:datafield tag="240" ind1=" " ind2=" "><marc:subfield code="m">vl</marc:subfield></marc:datafield><marc:datafield tag="245" ind1=" " ind2="0"><marc:subfield code="a">[caption title:] Vals | 2</marc:subfield></marc:datafield><marc:datafield tag="260" ind1=" " ind2=" "><marc:subfield code="c">1750-1799</marc:subfield></marc:datafield><marc:datafield tag="260" ind1=" " ind2=" "><marc:subfield code="e">Paris</marc:subfield></marc:datafield><marc:datafield tag="300" ind1=" " ind2=" "><marc:subfield code="a">1 part</marc:subfield></marc:datafield><marc:datafield tag="500" ind1=" " ind2=" "><marc:subfield code="a">The rest of the parts are not preserved. The vl part is in a Mass score</marc:subfield></marc:datafield><marc:datafield tag="590" ind1=" " ind2=" "><marc:subfield code="a">vl 2</marc:subfield></marc:datafield><marc:datafield tag="593" ind1=" " ind2=" "><marc:subfield code="a">Manuscript copy</marc:subfield></marc:datafield><marc:datafield tag="594" ind1=" " ind2=" "><marc:subfield code="b">vl</marc:subfield><marc:subfield code="c">1</marc:subfield></marc:datafield><marc:datafield tag="650" ind1=" " ind2=" "><marc:subfield code="a">Waltzes</marc:subfield></marc:datafield><marc:datafield tag="773" ind1=" " ind2=" "><marc:subfield code="w">100031703</marc:subfield></marc:datafield><marc:datafield tag="852" ind1=" " ind2=" "><marc:subfield code="a">E-SUe</marc:subfield><marc:subfield code="c">UI.1667.250.2</marc:subfield><marc:subfield code="d">ACU. Fons Catedral. Capsa 9</marc:subfield></marc:datafield><marc:datafield tag="999" ind1=" " ind2=" "><marc:subfield code="a">Individual entry in a music manuscript collection</marc:subfield></marc:datafield></marc:record>