
<marc:record><marc:leader>00614nam a2200217Ia 45e0</marc:leader>
<marc:controlfield tag="001">100031295</marc:controlfield>
<marc:controlfield tag="008">210811s9999    xx            000 0 und d</marc:controlfield><marc:datafield tag="031" ind1=" " ind2=" "><marc:subfield code="a">1</marc:subfield><marc:subfield code="b">1</marc:subfield><marc:subfield code="c">1</marc:subfield><marc:subfield code="m">keyb</marc:subfield><marc:subfield code="r">E|b</marc:subfield><marc:subfield code="n">bBEA</marc:subfield><marc:subfield code="o">2/4</marc:subfield><marc:subfield code="g">G-2</marc:subfield></marc:datafield><marc:datafield tag="100" ind1=" " ind2=" "><marc:subfield code="a">Sor, Fernando</marc:subfield></marc:datafield><marc:datafield tag="240" ind1=" " ind2=" "><marc:subfield code="a">Variations</marc:subfield><marc:subfield code="r">E|b</marc:subfield></marc:datafield><marc:datafield tag="240" ind1=" " ind2=" "><marc:subfield code="m">keyb</marc:subfield></marc:datafield><marc:datafield tag="245" ind1=" " ind2="0"><marc:subfield code="a">[caption title:] Variacons de Sors</marc:subfield></marc:datafield><marc:datafield tag="260" ind1=" " ind2=" "><marc:subfield code="c">1750-1849</marc:subfield></marc:datafield><marc:datafield tag="300" ind1=" " ind2=" "><marc:subfield code="a">1 score</marc:subfield></marc:datafield><marc:datafield tag="520" ind1=" " ind2=" "><marc:subfield code="a">Theme and variations</marc:subfield></marc:datafield><marc:datafield tag="593" ind1=" " ind2=" "><marc:subfield code="a">Manuscript copy</marc:subfield></marc:datafield><marc:datafield tag="594" ind1=" " ind2=" "><marc:subfield code="b">keyb</marc:subfield><marc:subfield code="c">1</marc:subfield></marc:datafield><marc:datafield tag="650" ind1=" " ind2=" "><marc:subfield code="a">Variations</marc:subfield></marc:datafield><marc:datafield tag="773" ind1=" " ind2=" "><marc:subfield code="w">100031709</marc:subfield></marc:datafield><marc:datafield tag="852" ind1=" " ind2=" "><marc:subfield code="a">E-SUe</marc:subfield><marc:subfield code="c">UI.1667.260.4</marc:subfield><marc:subfield code="d">ACU. Fons Catedral. Capsa 9</marc:subfield></marc:datafield><marc:datafield tag="999" ind1=" " ind2=" "><marc:subfield code="a">Individual entry in a music manuscript collection</marc:subfield></marc:datafield></marc:record>