
<marc:record><marc:leader>00847nam a2200241Ia 45e0</marc:leader>
<marc:controlfield tag="001">100031490</marc:controlfield>
<marc:controlfield tag="008">210811s9999    xx            000 0 und d</marc:controlfield><marc:datafield tag="031" ind1=" " ind2=" "><marc:subfield code="a">1</marc:subfield><marc:subfield code="b">1</marc:subfield><marc:subfield code="c">1</marc:subfield><marc:subfield code="m">vla</marc:subfield><marc:subfield code="r">F</marc:subfield><marc:subfield code="n">bB</marc:subfield><marc:subfield code="o">c</marc:subfield><marc:subfield code="g">C-3</marc:subfield></marc:datafield><marc:datafield tag="100" ind1=" " ind2=" "><marc:subfield code="a">Anonymus</marc:subfield></marc:datafield><marc:datafield tag="240" ind1=" " ind2=" "><marc:subfield code="a">Symphonies</marc:subfield><marc:subfield code="r">D</marc:subfield></marc:datafield><marc:datafield tag="240" ind1=" " ind2=" "><marc:subfield code="m">orch</marc:subfield></marc:datafield><marc:datafield tag="245" ind1=" " ind2="0"><marc:subfield code="a">[without title] [symphony]</marc:subfield></marc:datafield><marc:datafield tag="260" ind1=" " ind2=" "><marc:subfield code="c">1750-1849</marc:subfield></marc:datafield><marc:datafield tag="300" ind1=" " ind2=" "><marc:subfield code="a">3 parts</marc:subfield></marc:datafield><marc:datafield tag="500" ind1=" " ind2=" "><marc:subfield code="a">Jospe Maria Vilar posa una camisa amb 4. Grave Fa M 4/4 i 6/8; Rondó Fa M 2/4; Minuet Fa M 3/4; Presto Fa M 2/4 S'ha comparat l'incipit de les veus amb les Simfonies de Baguer (totes menys la 4 i 17) i el Concert per a dos fagots i no coninciddeix.  </marc:subfield></marc:datafield><marc:datafield tag="590" ind1=" " ind2=" "><marc:subfield code="a">vla, ob 2, cor 1</marc:subfield></marc:datafield><marc:datafield tag="593" ind1=" " ind2=" "><marc:subfield code="a">Manuscript copy</marc:subfield></marc:datafield><marc:datafield tag="594" ind1=" " ind2=" "><marc:subfield code="b">vla</marc:subfield><marc:subfield code="c">1</marc:subfield></marc:datafield><marc:datafield tag="594" ind1=" " ind2=" "><marc:subfield code="b">ob</marc:subfield><marc:subfield code="c">2</marc:subfield></marc:datafield><marc:datafield tag="594" ind1=" " ind2=" "><marc:subfield code="b">cor</marc:subfield><marc:subfield code="c">2</marc:subfield></marc:datafield><marc:datafield tag="650" ind1=" " ind2=" "><marc:subfield code="a">Symphonies</marc:subfield></marc:datafield><marc:datafield tag="852" ind1=" " ind2=" "><marc:subfield code="a">E-SUe</marc:subfield><marc:subfield code="c">UI.1667.275</marc:subfield><marc:subfield code="d">ACU. Fons Catedral. Capsa 9</marc:subfield></marc:datafield><marc:datafield tag="999" ind1=" " ind2=" "><marc:subfield code="a">Single music manuscript</marc:subfield></marc:datafield></marc:record>