
<marc:record><marc:leader>00632nam a2200229Ia 45e0</marc:leader>
<marc:controlfield tag="001">100031399</marc:controlfield>
<marc:controlfield tag="008">210811s9999    xx            000 0 und d</marc:controlfield><marc:datafield tag="031" ind1=" " ind2=" "><marc:subfield code="a">1</marc:subfield><marc:subfield code="b">1</marc:subfield><marc:subfield code="c">1</marc:subfield><marc:subfield code="m">org</marc:subfield><marc:subfield code="r">D</marc:subfield><marc:subfield code="n">xFC</marc:subfield><marc:subfield code="o">c/</marc:subfield><marc:subfield code="g">G-2</marc:subfield></marc:datafield><marc:datafield tag="100" ind1=" " ind2=" "><marc:subfield code="a">Vila, Joan</marc:subfield></marc:datafield><marc:datafield tag="240" ind1=" " ind2=" "><marc:subfield code="a">Pange lingua</marc:subfield><marc:subfield code="r">D</marc:subfield></marc:datafield><marc:datafield tag="240" ind1=" " ind2=" "><marc:subfield code="m">org</marc:subfield></marc:datafield><marc:datafield tag="245" ind1=" " ind2="0"><marc:subfield code="a">[caption title:] Sigue obra sobre el Pange | Lingua de Joan Vila</marc:subfield></marc:datafield><marc:datafield tag="260" ind1=" " ind2=" "><marc:subfield code="c">1750-1849</marc:subfield></marc:datafield><marc:datafield tag="300" ind1=" " ind2=" "><marc:subfield code="a">1 part</marc:subfield></marc:datafield><marc:datafield tag="590" ind1=" " ind2=" "><marc:subfield code="a">org</marc:subfield></marc:datafield><marc:datafield tag="590" ind1=" " ind2=" "><marc:subfield code="b">5p.</marc:subfield></marc:datafield><marc:datafield tag="593" ind1=" " ind2=" "><marc:subfield code="a">Manuscript copy</marc:subfield></marc:datafield><marc:datafield tag="594" ind1=" " ind2=" "><marc:subfield code="b">org</marc:subfield><marc:subfield code="c">1</marc:subfield></marc:datafield><marc:datafield tag="650" ind1=" " ind2=" "><marc:subfield code="a">Hymns</marc:subfield></marc:datafield><marc:datafield tag="773" ind1=" " ind2=" "><marc:subfield code="w">100031715</marc:subfield></marc:datafield><marc:datafield tag="852" ind1=" " ind2=" "><marc:subfield code="a">E-SUe</marc:subfield><marc:subfield code="c">UI.1668.286.2</marc:subfield><marc:subfield code="d">ACU. Fons Catedral. Capsa 10</marc:subfield></marc:datafield><marc:datafield tag="999" ind1=" " ind2=" "><marc:subfield code="a">Individual entry in a music manuscript collection</marc:subfield></marc:datafield></marc:record>