
<marc:record><marc:leader>00364nam a2200133Ia 45e0</marc:leader>
<marc:controlfield tag="001">100031725</marc:controlfield>
<marc:controlfield tag="008">210811s9999    xx            000 0 und d</marc:controlfield><marc:datafield tag="240" ind1=" " ind2=" "><marc:subfield code="a">2 Sacred songs</marc:subfield></marc:datafield><marc:datafield tag="245" ind1=" " ind2="0"><marc:subfield code="a">[without title]</marc:subfield></marc:datafield><marc:datafield tag="260" ind1=" " ind2=" "><marc:subfield code="c">1800-1849</marc:subfield></marc:datafield><marc:datafield tag="774" ind1=" " ind2=" "><marc:subfield code="w">100031348</marc:subfield></marc:datafield><marc:datafield tag="774" ind1=" " ind2=" "><marc:subfield code="w">100031347</marc:subfield></marc:datafield><marc:datafield tag="852" ind1=" " ind2=" "><marc:subfield code="a">E-SUe</marc:subfield><marc:subfield code="c">UI.1669.312</marc:subfield><marc:subfield code="d">ACU. Fons Catedral. Capsa 11</marc:subfield></marc:datafield><marc:datafield tag="999" ind1=" " ind2=" "><marc:subfield code="a">Collection record for a music manuscript</marc:subfield></marc:datafield></marc:record>