
<marc:record><marc:leader>00717nam a2200265Ia 45e0</marc:leader>
<marc:controlfield tag="001">100031038</marc:controlfield>
<marc:controlfield tag="008">210811s9999    xx            000 0 und d</marc:controlfield><marc:datafield tag="031" ind1=" " ind2=" "><marc:subfield code="a">1</marc:subfield><marc:subfield code="b">1</marc:subfield><marc:subfield code="c">1</marc:subfield><marc:subfield code="m">S</marc:subfield><marc:subfield code="t">Adjuva nos Deus</marc:subfield><marc:subfield code="r">1t</marc:subfield><marc:subfield code="o">c</marc:subfield><marc:subfield code="g">C-1</marc:subfield></marc:datafield><marc:datafield tag="041" ind1=" " ind2=" "><marc:subfield code="a">lat</marc:subfield></marc:datafield><marc:datafield tag="100" ind1=" " ind2=" "><marc:subfield code="a">Anonymus</marc:subfield></marc:datafield><marc:datafield tag="240" ind1=" " ind2=" "><marc:subfield code="a">Adjuva nos Deus</marc:subfield><marc:subfield code="r">1t</marc:subfield></marc:datafield><marc:datafield tag="240" ind1=" " ind2=" "><marc:subfield code="m">V (4)</marc:subfield></marc:datafield><marc:datafield tag="245" ind1=" " ind2="0"><marc:subfield code="a">[caption title:] Para el dia de ceniza.| V|o Sencillo a 4|o</marc:subfield></marc:datafield><marc:datafield tag="260" ind1=" " ind2=" "><marc:subfield code="c">1773</marc:subfield></marc:datafield><marc:datafield tag="300" ind1=" " ind2=" "><marc:subfield code="a">choirbook: f.84v.-85r.</marc:subfield></marc:datafield><marc:datafield tag="593" ind1=" " ind2=" "><marc:subfield code="a">Manuscript copy</marc:subfield></marc:datafield><marc:datafield tag="594" ind1=" " ind2=" "><marc:subfield code="b">S</marc:subfield><marc:subfield code="c">1</marc:subfield></marc:datafield><marc:datafield tag="594" ind1=" " ind2=" "><marc:subfield code="b">A</marc:subfield><marc:subfield code="c">1</marc:subfield></marc:datafield><marc:datafield tag="594" ind1=" " ind2=" "><marc:subfield code="b">T</marc:subfield><marc:subfield code="c">1</marc:subfield></marc:datafield><marc:datafield tag="594" ind1=" " ind2=" "><marc:subfield code="b">B</marc:subfield><marc:subfield code="c">1</marc:subfield></marc:datafield><marc:datafield tag="650" ind1=" " ind2=" "><marc:subfield code="a">Sacred songs</marc:subfield></marc:datafield><marc:datafield tag="700" ind1=" " ind2=" "><marc:subfield code="a">Espona, Mauricio</marc:subfield><marc:subfield code="4">scr</marc:subfield></marc:datafield><marc:datafield tag="773" ind1=" " ind2=" "><marc:subfield code="w">100031689</marc:subfield></marc:datafield><marc:datafield tag="852" ind1=" " ind2=" "><marc:subfield code="a">E-SUe</marc:subfield><marc:subfield code="c">UI.1715</marc:subfield><marc:subfield code="d">ACU. Ms. 2713</marc:subfield></marc:datafield><marc:datafield tag="999" ind1=" " ind2=" "><marc:subfield code="a">Individual entry in a music manuscript collection</marc:subfield></marc:datafield></marc:record>